@ARTICLE{Chen02,
  author = {Chen, Y. and Shum, K.P.},
  title = {Rees short exact sequences of S-systems.},
  journal = {Semigroup Forum},
  year = {2002},
  volume = {65},
  pages = {141--148}
}

@ARTICLE{Jafari19,
  author = {Jafari, M. and Golchin, A. and Mohammadzadeh Saany, H.},
  title = {Rees short exact sequence and flatness properties},
  journal = {Semigroup Forum},
  year = {2019},
  volume = {99},
  pages = {32--46}
}

@PHDTHESIS{Flores15,
  title={Homological Algebra for Commutative Monoids}, 
  author={Jaret Flores},
  year={2015},
  school = {Rutgers, The State University of New Jersey},
}

@BOOK{Leinster14,
  title={Basic Category Theory},
  author={Leinster, T.},
  isbn={978-1-107-04424-1},
  series={Cambridge Studies in Advanced Mathematics},
  year={2014},
  publisher={Cambridge University Press}
}

@BOOK{Weibel94,
  title={An Introduction to Homological Algebra},
  author={Weibel, C.A.},
  isbn={0-521-43500-5},
  series={Cambridge Studies in Advanced Mathematics},
  year={1994},
  publisher={Cambridge University Press}
}

@BOOK{Kilp00,
  title={Monoids, Acts and Categories: With Applications to Wreath Products and Graphs. A Handbook for Students and Researchers},
  author={Kilp, M. and Knauer, U. and Mikhalev, A.V.},
  isbn={3-11-015248-7},
  series={De Gruyter Expositions in Mathematics},
  year={2000},
  publisher={Walter de Gruyter}
}